@misc{noauthor_svg_nodate,
    title = {{SVG} {Semantic} {Zooming}},
    url = {https://bl.ocks.org/mbostock/3680957},
    abstract = {Mike Bostock’s Block 3680957},
    urldate = {2016-10-03TZ},
}

@misc{noauthor_sticky_nodate,
    title = {Sticky {Force} {Layout}},
    url = {https://bl.ocks.org/mbostock/3750558},
    abstract = {Mike Bostock’s Block 3750558},
    urldate = {2016-10-03TZ},
}

@misc{krishnamurthy_mpld3_nodate,
    title = {mpld3 networkx d3.js force layout - {Dheepak} {Krishnamurthy}},
    url = {https://kdheepak.com/blog/mpld3-networkx-d3js-force-layout},
    abstract = {Notes on mpld3 force layout},
    urldate = {2016-10-03TZ},
    author = {Krishnamurthy, Dheepak},
}

@misc{noauthor_conda_nodate,
    title = {Conda - {A} {Cross}-{Platform} {Package} {Manager} for {Any} {
             Binary} {Distribution}},
    shorttitle = {Conda},
    url = {https://www.slideshare.net/AaronMeurer/conda-a-binary-scipy2014},
}

@misc{noauthor_maniacallabs/bibliopixel_nodate,
    title = {{ManiacalLabs}/{BiblioPixel}},
    url = {https://github.com/ManiacalLabs/BiblioPixel},
    abstract = {BiblioPixel - A pure Python 2 library for programming light
                animations: Please direct questions and support requests to
                https://forum.maniacallabs.com - The Issues list here should be
                reserved for a...},
    urldate = {2016-05-27TZ},
}

@misc{noauthor_led_nodate,
    title = {{LED} strip and {RGB} {LED} software {\textbar} {Raspberry} {Pi} {
             LED} {Spectrum} {Analyzer} {\textbar} {Adafruit} {Learning} {System}
             },
    url = {https://learn.adafruit.com/raspberry-pi-spectrum-analyzer-display-on-rgb-led-strip/led-strip-and-rgb-led-software},
    urldate = {2016-03-28TZ},
}

@misc{duck_github_nodate,
    title = {Github repositories of {Tom} {Duck}},
    url = {https://github.com/tomduck},
    urldate = {2016-01-09TZ},
    author = {Duck, Tom},
}

@misc{noauthor_pandoc_nodate,
    title = {Pandoc cross references {Github} issue tracker},
    url = {https://github.com/jgm/pandoc/issues/813},
}

@misc{noauthor_academic_nodate,
    title = {Academic {Markdown} and {Citations}},
    url = {https://v4.chriskrycho.com/2015/academic-markdown-and-citations.html},
    abstract = {Managing citations is painful—especially in plain text. But with
                a little setup, Pandoc and BibTEX can take a lot of the pain out
                of it, whether for Word documents or a static site generator.},
    urldate = {2016-01-09TZ},
}

@misc{noauthor_writing_nodate,
    title = {Writing academic papers in {Markdown} using {Pandoc}},
    url = {https://blog.cigrainger.com/2014/07/pandoc-markdown.html},
    urldate = {2016-01-09TZ},
}

@misc{noauthor_writing_nodate-1,
    title = {Writing academic papers in plain text with {Markdown} and {Jupyter}
             notebook},
    url = {https://sylvaindeville.net/2015/07/17/writing-academic-papers-in-plain-text-with-markdown-and-jupyter-notebook/},
    abstract = {TL;DR My new workflow for writing academic papers involves
                Jupyter Notebook for data analysis and generating the figures,
                Markdown for writing the paper, and Pandoc for generating the
                final output....},
    urldate = {2016-01-09TZ},
}

@misc{copyright_writing_nodate,
    title = {Writing history with {Microsoft}'s {Office} lock-in},
    url = {https://www.theregister.co.uk/2003/04/25/writing_history_with_microsofts_office/},
    abstract = {No XML please, we're arbitrary},
    urldate = {2016-01-08TZ},
    author = {Copyright and Nokia and Apple and Microsoft and Google and
              Microsoft Lumia 640, 640XL: They're NOT the same and S6, Steely
              wonder? It's blind to 4G {and} needs armour: Samsung Galaxy and EE
              springs Wi-Fi phone calls on not-spot sufferers, Tube riders},
}

@misc{noauthor_wikibooks_nodate,
    title = {Wikibooks {LaTeX} {Tables}},
    url = {https://en.wikibooks.org/wiki/LaTeX/Tables},
    urldate = {2016-01-07TZ},
    note = {bibtex: \_wikibooks},
}

@misc{krishnamurthy_github_nodate,
    title = {Github repository for jupyter notebook pandocfilter},
    url = {https://github.com/kdheepak/pandoc-ipynb},
    abstract = {Contribute to pandoc-ipynb development by creating an account on
                GitHub.},
    urldate = {2016-01-08TZ},
    author = {Krishnamurthy, Dheepak},
}

@misc{noauthor_pandoc_nodate-1,
    title = {Pandoc {README}},
    url = {https://pandoc.org/MANUAL.html},
    urldate = {2016-01-08TZ},
}

@misc{noauthor_example_nodate,
    title = {Example of a citation},
    urldate = {2016-01-08TZ},
    author = {, citation},
}

@misc{noauthor_googlegroups_nodate,
    title = {{GoogleGroups}},
    url = {https://groups.google.com/d/msg/pandoc-discuss/_KyoGN1Zf5g/rzq367675ecJ},
    urldate = {2016-01-08TZ},
}

@misc{noauthor_stackoverflow_nodate,
    title = {{StackOverflow} {Quote}},
    url = {https://tex.stackexchange.com/a/95078},
    urldate = {2016-01-08TZ},
}

@misc{beaumont_bypass_2015,
    title = {Bypass almost every {Corporate} security control with a
             point’n’click {GUI}},
    url = {https://doublepulsar.com/oleoutlook-bypass-almost-every-corporate-security-control-with-a-point-n-click-gui-37f4cbc107d0},
    abstract = {In this tutorial, I will show you how to embed an executable
                into a corporate network via email, behind the firewall(s),
                disguised as a…},
    urldate = {2016-01-07TZ},
    author = {Beaumont, Kevin},
    month = dec,
    year = {2015},
}

@misc{noauthor_github_nodate,
    title = {Github repository to {Pandoc}},
    url = {https://github.com/jgm/pandoc/releases},
    abstract = {pandoc - Universal markup converter},
    urldate = {2016-01-06TZ},
}

@misc{krishnamurthy_github_nodate-1,
    title = {Github repository to {Pandoc} {Paper} {Template}},
    url = {https://github.com/kdheepak/pandoc-paper},
    urldate = {2016-01-06TZ},
    author = {Krishnamurthy, Dheepak},
}

@misc{healy_plain_nodate,
    title = {Plain {Text}, {Papers}, {Pandoc}},
    url = {https://kieranhealy.org/blog/archives/2014/01/23/plain-text/},
    author = {Healy, Kieran},
}

@misc{krishnamurthy_using_nodate,
    title = {Using conda to manage packages},
    url = {https://kdheepak.com/blog/using-conda-to-manage-packages},
    abstract = {Use conda env to manage packages},
    urldate = {2016-01-06TZ},
    author = {Krishnamurthy, Dheepak},
}

@misc{noauthor_word_nodate,
    title = {Word or {LaTeX} typesetting: which one is more productive? {Finally
             }, scientifically assessed {\textbar} {Computer} science},
    shorttitle = {Word or {LaTeX} typesetting},
    url = {https://mappingignorance.org/2015/04/06/word-or-latex-typesetting-which-one-is-more-productive-finally-scientifically-assessed/},
    abstract = {One of the main goals for anyone in the Academia, for any
                research group, is to publish the results of their research.
                Therefore, enormous amounts of time and effort are devoted to
                producing manuscripts which will be evaluated for},
    urldate = {2016-01-07TZ},
    author = {, José Luis Blanco April and {2015}},
}

@misc{goldberg_ms-word_nodate,
    title = {{MS}-{Word} is {Not} a document exchange format},
    url = {https://www.goldmark.org/netrants/no-word/attach.html},
    urldate = {2016-01-07TZ},
    author = {Goldberg, Jeff},
    note = {bibtex: goldberg\_msword},
}

@misc{cottrell_word_nodate,
    title = {Word {Processors}: {Stupid} and {Inefficient}},
    url = {http://cda.psych.uiuc.edu/latex_class_material/wp.html},
    urldate = {2016-01-07TZ},
    author = {Cottrell, Allin},
    note = {bibtex: cottrell\_word},
}

@misc{stallman_emacs_nodate,
    title = {Emacs as word processor},
    url = {https://lists.gnu.org/archive/html/emacs-devel/2013-11/msg00515.html},
    urldate = {2016-01-07TZ},
    author = {Stallman, Richard},
}

@misc{noauthor_conda/conda_nodate,
    title = {conda/conda},
    url = {https://github.com/conda/conda},
    abstract = {conda - Cross-platform, Python-agnostic binary package manager},
}

@article{krishnamurthy20158,
  title={An 8-zone test system based on ISO New England data: Development and application},
  author={Krishnamurthy, Dheepak and Li, Wanning and Tesfatsion, Leigh},
  journal={IEEE Transactions on Power Systems},
  volume={31},
  number={1},
  pages={234--246},
  year={2015},
  publisher={IEEE}
}

@inproceedings{li2015systematic,
  title={Systematic testing and comparison of deterministic and stochastic unit commitment on an 8-zone test case based on ISO New England data},
  author={Li, Wanning and Krishnamurthy, Dheepak and Tesfatsion, Leigh},
  booktitle={2015 IEEE Power \& Energy Society Innovative Smart Grid Technologies Conference (ISGT)},
  pages={1--5},
  year={2015},
  organization={IEEE}
}

@inproceedings{krishnamurthy2016psst,
  title={psst: An open-source power system simulation toolbox in python},
  author={Krishnamurthy, Dheepak},
  booktitle={2016 North American Power Symposium (NAPS)},
  pages={1--6},
  year={2016},
  organization={IEEE}
}

@techreport{mittal2015system,
  title={System-of-systems approach for integrated energy systems modeling and simulation},
  author={Mittal, Saurabh and Ruth, Mark and Pratt, Annabelle and Lunacek, Monte and Krishnamurthy, Dheepak and Jones, Wesley},
  year={2015},
  institution={National Renewable Energy Lab.(NREL), Golden, CO (United States)}
}

@article{pratt2016transactive,
  title={Transactive home energy management systems: The impact of their proliferation on the electric grid},
  author={Pratt, Annabelle and Krishnamurthy, Dheepak and Ruth, Mark and Wu, Hongyu and Lunacek, Monte and Vaynshenk, Paul},
  journal={IEEE Electrification Magazine},
  volume={4},
  number={4},
  pages={8--14},
  year={2016},
  publisher={IEEE}
}

@inproceedings{palmintier2016design,
  title={Design flexibility for uncertain distributed generation from photovoltaics},
  author={Palmintier, Bryan and Krishnamurthy, Dheepak and Wu, Hongyu},
  booktitle={2016 IEEE Power \& Energy Society Innovative Smart Grid Technologies Conference (ISGT)},
  pages={1--5},
  year={2016},
  organization={IEEE}
}

@article{krishnamurthy2017energy,
  title={Energy storage arbitrage under day-ahead and real-time price uncertainty},
  author={Krishnamurthy, Dheepak and Uckun, Canan and Zhou, Zhi and Thimmapuram, Prakash R and Botterud, Audun},
  journal={IEEE Transactions on Power Systems},
  volume={33},
  number={1},
  pages={84--93},
  year={2017},
  publisher={IEEE}
}

@inproceedings{pratt2017hardware,
  title={Hardware-in-the-loop simulation of a distribution system with air conditioners under model predictive control},
  author={Pratt, Annabelle and Ruth, Mark and Krishnamurthy, Dheepak and Sparn, Bethany and Lunacek, Monte and Jones, Wesley and Mittal, Saurabh and Wu, Hongyu and Marks, Jesse},
  booktitle={2017 IEEE Power \& Energy Society General Meeting},
  pages={1--5},
  year={2017},
  organization={IEEE}
}

@inproceedings{jain2018studying,
  title={Studying the impact of distributed solar PV on power systems using integrated transmission and distribution models},
  author={Jain, Himanshu and Palmintier, Bryan and Krad, Ibrahim and Krishnamurthy, Dheepak},
  booktitle={2018 IEEE/PES Transmission and Distribution Conference and Exposition (T\&D)},
  pages={1--5},
  year={2018},
  organization={IEEE}
}

@inproceedings{palmintier2017design,
  title={Design of the HELICS high-performance transmission-distribution-communication-market go-simulation framework},
  author={Palmintier, Bryan and Krishnamurthy, Dheepak and Top, Philip and Smith, Steve and Daily, Jeff and Fuller, Jason},
  booktitle={Modeling and Simulation of Cyber-Physical Energy Systems (MSCPES), 2017 Workshop on},
  pages={1--6},
  year={2017},
  organization={IEEE}
}

@techreport{krishnamurthy2018impacts,
  title={Impacts of High Penetrations of Home Energy Management Systems under Time-Based Electricity Prices},
  author={Krishnamurthy, Dheepak and Pratt, Annabelle and Ruth, Mark F and Sparn, Bethany F},
  year={2018},
  institution={National Renewable Energy Lab.(NREL), Golden, CO (United States)}
}

@inproceedings{latif2018optimizing,
  title={Optimizing storage operation for a probabilistic locational marginal pricing forecast},
  author={Latif, Aadil and Krishnamurthy, Dheepak and Palmintier, Brian},
  booktitle={2018 IEEE International Conference on Probabilistic Methods Applied to Power Systems (PMAPS)},
  pages={1--6},
  year={2018},
  organization={IEEE}
}

@inproceedings{horowitz2018optimizing,
  title={Optimizing Distributed Photovoltaic System Set Points Under Uncertainty},
  author={Horowitz, Kelsey A and Krishnamurthy, Dheepak and Palmintier, Bryan},
  booktitle={2018 IEEE International Conference on Probabilistic Methods Applied to Power Systems (PMAPS)},
  pages={1--6},
  year={2018},
  organization={IEEE}
}

@inproceedings{sparn2018hardware,
  title={Hardware-in-the-loop (HIL) simulations for smart grid impact studies},
  author={Sparn, Bethany and Krishnamurthy, Dheepak and Pratt, Annabelle and Ruth, Mark and Wu, Hongyu},
  booktitle={2018 IEEE Power \& Energy Society General Meeting (PESGM)},
  pages={1--5},
  year={2018},
  organization={IEEE}
}

@techreport{elgindy2018ditto,
  title={DiTTo (Distribution Transformation Tool)},
  author={Elgindy, Tarek and Gensollen, Nicolas and Krishnamurthy, Dheepak and Rossol, Michael and Hale, Elaine and Palmintier, Bryan and others},
  year={2018},
  institution={National Renewable Energy Lab.(NREL), Golden, CO (United States)}
}

@techreport{lara2018powersystems,
  title={PowerSystems. jl and PowerSimulations. jl},
  author={Lara, Jose Daniel and Krishnamurthy, Dheepak and Barrows, Clayton and Thom, Daniel and Dalvi, Sourabh},
  year={2018},
  institution={National Renewable Energy Lab.(NREL), Golden, CO (United States)}
}

@inproceedings{mittal2015system,
  title={A system-of-systems approach for integration energy modeling and simulation},
  author={Mittal, S and Ruth, M and Pratt, A and Lunacek, M and Krishnamurthy, D and Jones, W},
  booktitle={Summer Computer Simulation Conference, Chicago, IL},
  year={2015}
}

@inproceedings{faqiry2018adp,
  title={ADP-based home energy management system: a case study using DYNAMO},
  author={Faqiry, Mohammad N and Wang, Li and Wu, Hongyu and Krishnamurthy, Dheepak and Palmintier, Bryan},
  booktitle={2018 IEEE Power \& Energy Society General Meeting (PESGM)},
  pages={1--5},
  year={2018},
  organization={IEEE}
}

@inproceedings{jain2019evaluating,
  title={Evaluating the Impact of Price-Responsive Load on Power Systems Using Integrated T\&D Simulation},
  author={Jain, Himanshu and Palmintier, Bryan and Krishnamurthy, Dheepak and Krad, Ibrahim and Hale, Elaine},
  booktitle={2019 IEEE Power \& Energy Society Innovative Smart Grid Technologies Conference (ISGT)},
  pages={1--5},
  year={2019},
  organization={IEEE}
}

@techreport{chang2019scalable,
  title={Scalable PETSc Implementation of the Three-Phase Unbalanced AC Power Flow Solver},
  author={Chang, Justin and Stephen, Gordon W and Krishnamurthy, Dheepak and Thom, Daniel and Jones, Wesley B},
  year={2019},
  institution={National Renewable Energy Lab.(NREL), Golden, CO (United States)}
}

@article{barrows2019ieee,
  title={The IEEE reliability test system: A proposed 2019 update},
  author={Barrows, Clayton and Bloom, Aaron and Ehlen, Ali and Ik{\"a}heimo, Jussi and Jorgenson, Jennie and Krishnamurthy, Dheepak and Lau, Jessica and McBennett, Brendan and O’Connell, Matthew and Preston, Eugene and others},
  journal={IEEE Transactions on Power Systems},
  volume={35},
  number={1},
  pages={119--127},
  year={2019},
  publisher={IEEE}
}

@article{lara2021powersystems,
  title={Powersystems. jl—A power system data management package for large scale modeling},
  author={Lara, Jos{\'e} Daniel and Barrows, Clayton and Thom, Daniel and Krishnamurthy, Dheepak and Callaway, Duncan},
  journal={SoftwareX},
  volume={15},
  pages={100747},
  year={2021},
  publisher={Elsevier}
}
