@article{krishnamurthyimplementation,
  title={Implementation of Power System Market Simulations with a High Performance Computing Cluster},
  author={Krishnamurthy, Dheepak and Thomas, Auswin George}
}

@inproceedings{auswin2010low,
  title={A Low Cost SVPWM Controller for Five-Phase VSI Using PIC18F4550},
  author={Auswin George, T and Krishnamurthy, Dheepak and Raju, M and Balasubramanian, A and District, Kanchipuram and Nadu, Tamil},
  booktitle={International Conference on System Dynamics and Control-ICSDC},
  volume={19},
  number={22},
  year={2010}
}

@article{krishnamurthy20158,
  title={An 8-zone test system based on ISO New England data: Development and application},
  author={Krishnamurthy, Dheepak and Li, Wanning and Tesfatsion, Leigh},
  journal={IEEE Transactions on Power Systems},
  volume={31},
  number={1},
  pages={234--246},
  year={2015},
  publisher={IEEE}
}

@inproceedings{li2015systematic,
  title={Systematic testing and comparison of deterministic and stochastic unit commitment on an 8-zone test case based on ISO New England data},
  author={Li, Wanning and Krishnamurthy, Dheepak and Tesfatsion, Leigh},
  booktitle={2015 IEEE Power \& Energy Society Innovative Smart Grid Technologies Conference (ISGT)},
  pages={1--5},
  year={2015},
  organization={IEEE}
}

@inproceedings{krishnamurthy2016psst,
  title={psst: An open-source power system simulation toolbox in python},
  author={Krishnamurthy, Dheepak},
  booktitle={2016 North American Power Symposium (NAPS)},
  pages={1--6},
  year={2016},
  organization={IEEE}
}

@techreport{mittal2015system,
  title={System-of-systems approach for integrated energy systems modeling and simulation},
  author={Mittal, Saurabh and Ruth, Mark and Pratt, Annabelle and Lunacek, Monte and Krishnamurthy, Dheepak and Jones, Wesley},
  year={2015},
  institution={National Renewable Energy Lab.(NREL), Golden, CO (United States)}
}

@article{pratt2016transactive,
  title={Transactive home energy management systems: The impact of their proliferation on the electric grid},
  author={Pratt, Annabelle and Krishnamurthy, Dheepak and Ruth, Mark and Wu, Hongyu and Lunacek, Monte and Vaynshenk, Paul},
  journal={IEEE Electrification Magazine},
  volume={4},
  number={4},
  pages={8--14},
  year={2016},
  publisher={IEEE}
}

@inproceedings{palmintier2016design,
  title={Design flexibility for uncertain distributed generation from photovoltaics},
  author={Palmintier, Bryan and Krishnamurthy, Dheepak and Wu, Hongyu},
  booktitle={2016 IEEE Power \& Energy Society Innovative Smart Grid Technologies Conference (ISGT)},
  pages={1--5},
  year={2016},
  organization={IEEE}
}

@article{krishnamurthy2017energy,
  title={Energy storage arbitrage under day-ahead and real-time price uncertainty},
  author={Krishnamurthy, Dheepak and Uckun, Canan and Zhou, Zhi and Thimmapuram, Prakash R and Botterud, Audun},
  journal={IEEE Transactions on Power Systems},
  volume={33},
  number={1},
  pages={84--93},
  year={2017},
  publisher={IEEE}
}

@phdthesis{krishnamurthy2017open,
  title={Open source test bed and test case development for power system research},
  author={Krishnamurthy, Dheepak},
  year={2017},
  school={Iowa State University}
}

@techreport{krishnan2017smart,
  title={Smart-ds: Synthetic models for advanced, realistic testing: Distribution systems and scenarios},
  author={Krishnan, Venkat K and Palmintier, Bryan S and Hodge, Brian S and Hale, Elaine T and Elgindy, Tarek and Bugbee, Bruce and Rossol, Michael N and Lopez, Anthony J and Krishnamurthy, Dheepak and Vergara, Claudio and others},
  year={2017},
  institution={National Renewable Energy Lab.(NREL), Golden, CO (United States)}
}

@inproceedings{pratt2017hardware,
  title={Hardware-in-the-loop simulation of a distribution system with air conditioners under model predictive control},
  author={Pratt, Annabelle and Ruth, Mark and Krishnamurthy, Dheepak and Sparn, Bethany and Lunacek, Monte and Jones, Wesley and Mittal, Saurabh and Wu, Hongyu and Marks, Jesse},
  booktitle={2017 IEEE Power \& Energy Society General Meeting},
  pages={1--5},
  year={2017},
  organization={IEEE}
}

@inproceedings{jain2018studying,
  title={Studying the impact of distributed solar PV on power systems using integrated transmission and distribution models},
  author={Jain, Himanshu and Palmintier, Bryan and Krad, Ibrahim and Krishnamurthy, Dheepak},
  booktitle={2018 IEEE/PES Transmission and Distribution Conference and Exposition (T\&D)},
  pages={1--5},
  year={2018},
  organization={IEEE}
}

@inproceedings{palmintier2017design,
  title={Design of the HELICS high-performance transmission-distribution-communication-market go-simulation framework},
  author={Palmintier, Bryan and Krishnamurthy, Dheepak and Top, Philip and Smith, Steve and Daily, Jeff and Fuller, Jason},
  booktitle={Modeling and Simulation of Cyber-Physical Energy Systems (MSCPES), 2017 Workshop on},
  pages={1--6},
  year={2017},
  organization={IEEE}
}

@techreport{krishnamurthy2018impacts,
  title={Impacts of High Penetrations of Home Energy Management Systems under Time-Based Electricity Prices},
  author={Krishnamurthy, Dheepak and Pratt, Annabelle and Ruth, Mark F and Sparn, Bethany F},
  year={2018},
  institution={National Renewable Energy Lab.(NREL), Golden, CO (United States)}
}

@inproceedings{latif2018optimizing,
  title={Optimizing storage operation for a probabilistic locational marginal pricing forecast},
  author={Latif, Aadil and Krishnamurthy, Dheepak and Palmintier, Brian},
  booktitle={2018 IEEE International Conference on Probabilistic Methods Applied to Power Systems (PMAPS)},
  pages={1--6},
  year={2018},
  organization={IEEE}
}

@inproceedings{prabakar2018hardware,
  title={Hardware-in-the-loop test bed and test methodology for microgrid controller evaluation},
  author={Prabakar, Kumaraguru and Pratt, Annabelle and Krishnamurthy, Dheepak and Maitra, Arindam},
  booktitle={2018 IEEE/PES Transmission and Distribution Conference and Exposition (T\&D)},
  pages={1--9},
  year={2018},
  organization={IEEE}
}

@inproceedings{horowitz2018optimizing,
  title={Optimizing Distributed Photovoltaic System Set Points Under Uncertainty},
  author={Horowitz, Kelsey A and Krishnamurthy, Dheepak and Palmintier, Bryan},
  booktitle={2018 IEEE International Conference on Probabilistic Methods Applied to Power Systems (PMAPS)},
  pages={1--6},
  year={2018},
  organization={IEEE}
}

@inproceedings{sparn2018hardware,
  title={Hardware-in-the-loop (HIL) simulations for smart grid impact studies},
  author={Sparn, Bethany and Krishnamurthy, Dheepak and Pratt, Annabelle and Ruth, Mark and Wu, Hongyu},
  booktitle={2018 IEEE Power \& Energy Society General Meeting (PESGM)},
  pages={1--5},
  year={2018},
  organization={IEEE}
}

@techreport{elgindy2018ditto,
  title={DiTTo (Distribution Transformation Tool)},
  author={Elgindy, Tarek and Gensollen, Nicolas and Krishnamurthy, Dheepak and Rossol, Michael and Hale, Elaine and Palmintier, Bryan and others},
  year={2018},
  institution={National Renewable Energy Lab.(NREL), Golden, CO (United States)}
}

@techreport{lara2018powersystems,
  title={PowerSystems. jl and PowerSimulations. jl},
  author={Lara, Jose Daniel and Krishnamurthy, Dheepak and Barrows, Clayton and Thom, Daniel and Dalvi, Sourabh},
  year={2018},
  institution={National Renewable Energy Lab.(NREL), Golden, CO (United States)}
}

@inproceedings{mittal2015system,
  title={A system-of-systems approach for integration energy modeling and simulation},
  author={Mittal, S and Ruth, M and Pratt, A and Lunacek, M and Krishnamurthy, D and Jones, W},
  booktitle={Summer Computer Simulation Conference, Chicago, IL},
  year={2015}
}

@inproceedings{faqiry2018adp,
  title={ADP-based home energy management system: a case study using DYNAMO},
  author={Faqiry, Mohammad N and Wang, Li and Wu, Hongyu and Krishnamurthy, Dheepak and Palmintier, Bryan},
  booktitle={2018 IEEE Power \& Energy Society General Meeting (PESGM)},
  pages={1--5},
  year={2018},
  organization={IEEE}
}

@inproceedings{jain2019evaluating,
  title={Evaluating the Impact of Price-Responsive Load on Power Systems Using Integrated T\&D Simulation},
  author={Jain, Himanshu and Palmintier, Bryan and Krishnamurthy, Dheepak and Krad, Ibrahim and Hale, Elaine},
  booktitle={2019 IEEE Power \& Energy Society Innovative Smart Grid Technologies Conference (ISGT)},
  pages={1--5},
  year={2019},
  organization={IEEE}
}

@techreport{chang2019scalable,
  title={Scalable PETSc Implementation of the Three-Phase Unbalanced AC Power Flow Solver},
  author={Chang, Justin and Stephen, Gordon W and Krishnamurthy, Dheepak and Thom, Daniel and Jones, Wesley B},
  year={2019},
  institution={National Renewable Energy Lab.(NREL), Golden, CO (United States)}
}

@techreport{krishnamurthy2019opendssdirect,
  title={OpenDSSDirect. jl},
  author={Krishnamurthy, Dheepak and others},
  year={2019},
  institution={National Renewable Energy Lab.(NREL), Golden, CO (United States)}
}

@techreport{krishnamurthy2018pydbus,
  title={PyDBus},
  author={Krishnamurthy, Dheepak and others},
  year={2018},
  institution={National Renewable Energy Lab.(NREL), Golden, CO (United States)}
}

@techreport{krishnamurthy2018glm,
  title={glm},
  author={Krishnamurthy, Dheepak and Lunacek, Monte and others},
  year={2018},
  institution={National Renewable Energy Lab.(NREL), Golden, CO (United States)}
}

@article{barrows2019ieee,
  title={The IEEE reliability test system: A proposed 2019 update},
  author={Barrows, Clayton and Bloom, Aaron and Ehlen, Ali and Ik{\"a}heimo, Jussi and Jorgenson, Jennie and Krishnamurthy, Dheepak and Lau, Jessica and McBennett, Brendan and Oâ€™Connell, Matthew and Preston, Eugene and others},
  journal={IEEE Transactions on Power Systems},
  volume={35},
  number={1},
  pages={119--127},
  year={2019},
  publisher={IEEE}
}

@article{faqirystudy,
  title={Study using DYNAMO},
  author={Faqiry, M Nazif and Wang, L and Wu, H and Krishnamurthy, D and Palmintier, B}
}

@inproceedings{zhang2020development,
  title={Development of HELICS-based high-performance cyber-physical co-simulation framework for distributed energy resources applications},
  author={Zhang, Jianhua and Daily, Jeff and Mast, Ryan A and Palmintier, Bryan and Krishnamurthy, Dheepak and Elgindy, Tarek and Florita, Anthony and Hodge, Bri-Mathias},
  booktitle={2020 IEEE International Conference on Communications, Control, and Computing Technologies for Smart Grids (SmartGridComm)},
  pages={1--5},
  year={2020},
  organization={IEEE}
}

@article{lara2021powersystems,
  title={Powersystems. jlâ€”A power system data management package for large scale modeling},
  author={Lara, Jos{\'e} Daniel and Barrows, Clayton and Thom, Daniel and Krishnamurthy, Dheepak and Callaway, Duncan},
  journal={SoftwareX},
  volume={15},
  pages={100747},
  year={2021},
  publisher={Elsevier}
}
